<?xml version="1.0" encoding="UTF-8"?><collection xmlns="http://www.loc.gov/MARC21/slim"><record><leader>00587nam--2200181-i-4500</leader><controlfield tag="001">000006781</controlfield><controlfield tag="002">20161230</controlfield><controlfield tag="005">20161230201027</controlfield><controlfield tag="008">060222s1000------------r-----000-0-eng-d</controlfield><datafield ind1=" " ind2=" " tag="040"><subfield code="a">IFIN-HH</subfield></datafield><datafield ind1=" " ind2=" " tag="080"><subfield code="a">541.127</subfield></datafield><datafield ind1="1" ind2=" " tag="100"><subfield code="a">Hirth, J.P</subfield></datafield><datafield ind1="1" ind2="0" tag="245"><subfield code="a">Progress in materials science vol. 11 condensation and evaporation ; nucleation and growth kinetics</subfield><subfield code="b">Incorporating progress in metal physics, bruce chalmers (ed.)</subfield><subfield code="c">J.p. hirth, g.m. pound</subfield></datafield><datafield ind1=" " ind2=" " tag="260"><subfield code="a">Oxford</subfield><subfield code="b">Pergamon Press</subfield><subfield code="c">1963</subfield></datafield><datafield ind1=" " ind2=" " tag="300"><subfield code="a">191P</subfield></datafield><datafield ind1="1" ind2=" " tag="700"><subfield code="a">Pound, G.M</subfield></datafield><datafield ind1=" " ind2=" " tag="852"><subfield code="a">10017</subfield><subfield code="c">539.2</subfield></datafield><datafield ind1=" " ind2=" " tag="CAT"><subfield code="a">Sys</subfield><subfield code="c">20120720</subfield><subfield code="h">110532</subfield></datafield></record></collection>